@misc{granger,
  author={Brian Granger},
  title={The IPython Notebook for Data Science},
  howpublished={\url{http://www.youtube.com/watch?v=nRHBdkxVn48}}
}


@misc{perez,
  author={Fernando Perez},
  title={The IPython notebook: a historical retrospective},
  howpublished={\url{http://blog.fperez.org/2012/01/ipython-notebook-historical.html}}
}

@misc{brown,
  author={C. Titus Brown},
  title={Teaching with ipython notebooks -- a progress report},
  howpublished={\url{http://ivory.idyll.org/blog/teaching-with-ipynb-2.html}}
}

@misc{olson,
  author={Randal S. Olson},
  title={IPython Notebook: Finally, the research notebook Iâ€™ve always been looking for is here!},
  howpublished={\url{http://www.randalolson.com/2012/05/10/ipython-notebook/}}
}

@misc{brown2,
  author={C. Titus Brown},
  title={Upload homework to github gists as IPython Notebooks (YouTube)},
  howpublished={\url{http://www.youtube.com/watch?v=YY0Bff5PoKI}}
}

@misc{mm,
  title={Mathematica Notebook Technology},
  howpublished={\url{http://www.wolfram.com/technology/nb/}}
}

@misc{py,
  title={Scientific Tools for Python},
  howpublished={\url{http://www.scipy.org/}}
}

@misc{ec2,
  title={Amazon Elastic Compute Cloud},
  howpublished={\url{http://aws.amazon.com/ec2/}}
}

@misc{azure,
  title={A rock-solid cloud platform for blue-sky thinking},
  howpublished={\url{https://www.windowsazure.com/en-us/}}
}

@misc{sage,
  title={Sage is a different approach to mathematics software},
  howpublished={\url{http://www.sagenb.org/}}
}

@misc{gh,
  title={Github: Social Coding},
  howpublished={\url{https://github.com/}}
}
