@misc{canalys,
  author={press@canalys},
  title={Smart phones overtake client PCs in 2011},
  howpublished={\url{http://www.canalys.com/newsroom/smart-phones-overtake-client-pcs-2011}},
}

@article{worry,
  author={Cody W. Harisson},
  title={Why worry about mobile?},
  journal={Library Technology Reports},
  volume={47},
  issue={2},
  pages={5-10},
  year={2011}
}

@inproceedings{procsmart,
  author={Fuxin Yu},
  title={Mobile/Smart Phone use in Higher Education},
  booktitle={Southwest Decision Sciences Institute Conference},
  address={Houston, TX, USA},
  year={2012}
}

@misc{phonegap,
  title={PhoneGap Build},
  howpublished={\url{https://build.phonegap.com/}},
}

@misc{md,
  title={Markdown Basics},
  howpublished={\url{http://daringfireball.net/projects/markdown/basics}},
}

@misc{git,
  title={Git},
  howpublished={\url{http://git-scm.com/}},
}

@misc{github,
  title={Github},
  howpublished={\url{https://github.com/about}},
}

@misc{vid,
  author={Derek Muller},
  title={The key to effective educational science videos},
  howpublished={\url{http://talentsearch.ted.com/video/Derek-Muller-The-key-to-effecti;TEDSydney}},
}



